<record><leader>00000cas a2200000 a 4500</leader><controlfield tag="001">10884406</controlfield><controlfield tag="008">840626d19101918ksuwr ne      0   a0eng d</controlfield><datafield ind1=" " ind2=" " tag="010"><subfield code="a">sn 84029331 </subfield></datafield><datafield ind1=" " ind2=" " tag="040"><subfield code="a">KSH</subfield><subfield code="b">eng</subfield><subfield code="c">KSH</subfield><subfield code="d">NPT</subfield><subfield code="d">OCL</subfield><subfield code="d">OCLCQ</subfield></datafield><datafield ind1=" " ind2=" " tag="042"><subfield code="a">msc</subfield></datafield><datafield ind1="0" ind2="4" tag="245"><subfield code="a">The Beaver Valley booster.</subfield></datafield><datafield ind1=" " ind2=" " tag="260"><subfield code="a">Cedar Bluffs, Kan. :</subfield><subfield code="b">[s.n.],</subfield><subfield code="c">1910-1918.</subfield></datafield><datafield ind1=" " ind2=" " tag="300"><subfield code="a">8 v. :</subfield><subfield code="b">ill. ;</subfield><subfield code="c">56 cm.</subfield></datafield><datafield ind1=" " ind2=" " tag="310"><subfield code="a">Weekly</subfield></datafield><datafield ind1="0" ind2=" " tag="362"><subfield code="a">Vol. 1, no. 1 (Aug. 17, 1910)-v. 14, no. 16 (Aug. 29, 1918).</subfield></datafield><datafield ind1=" " ind2=" " tag="500"><subfield code="a">Issues for Aug. 31, 1910- include section called "The Traer Department."</subfield></datafield><datafield ind1=" " ind2=" " tag="500"><subfield code="a">Republican. Cf. Kansas State Historical Society. Hist. of Kan. newspapers, 1916.</subfield></datafield><datafield ind1=" " ind2=" " tag="515"><subfield code="a">Numbering is irregular, Aug. 31, 1917-</subfield></datafield><datafield ind1=" " ind2=" " tag="752"><subfield code="a">United States</subfield><subfield code="b">Kansas</subfield><subfield code="c">Decatur</subfield><subfield code="d">Cedar Bluffs.</subfield></datafield><datafield ind1="0" ind2="4" tag="785"><subfield code="t">Oberlin times</subfield><subfield code="w">(DLC)sn 84029338</subfield></datafield></record>